@inproceedings{Blei:2006:DTM:1143844.1143859,
 author = {Blei, David M. and Lafferty, John D.},
 title = {Dynamic Topic Models},
 booktitle = {Proceedings of the 23rd International Conference on Machine Learning},
 series = {ICML '06},
 year = {2006},
 isbn = {1-59593-383-2},
 location = {Pittsburgh, Pennsylvania, USA},
 pages = {113--120},
 numpages = {8},
 url = {http://doi.acm.org/10.1145/1143844.1143859},
 doi = {10.1145/1143844.1143859},
 acmid = {1143859},
 publisher = {ACM},
 address = {New York, NY, USA},
} }
@article{DBLP:journals/corr/abs-1203-3463,
  author    = {Amr Ahmed and
               Eric P. Xing},
  title     = {Timeline: {A} Dynamic Hierarchical Dirichlet Process Model for Recovering
               Birth/Death and Evolution of Topics in Text Stream},
  journal   = {CoRR},
  volume    = {abs/1203.3463},
  year      = {2012},
  url       = {http://arxiv.org/abs/1203.3463},
  timestamp = {Wed, 10 Oct 2012 21:28:49 +0200},
  biburl    = {http://dblp.uni-trier.de/rec/bib/journals/corr/abs-1203-3463},
  bibsource = {dblp computer science bibliography, http://dblp.org}
}

@article{DBLP:journals/corr/abs-1206-3298,
  author    = {Chong Wang and
               David M. Blei and
               David Heckerman},
  title     = {Continuous Time Dynamic Topic Models},
  journal   = {CoRR},
  volume    = {abs/1206.3298},
  year      = {2012},
  url       = {http://arxiv.org/abs/1206.3298},
  timestamp = {Wed, 10 Oct 2012 21:28:53 +0200},
  biburl    = {http://dblp.uni-trier.de/rec/bib/journals/corr/abs-1206-3298},
  bibsource = {dblp computer science bibliography, http://dblp.org}
}

@inproceedings{Chang:Boyd-Graber:Wang:Gerrish:Blei-2009,
Author = {Jonathan Chang and Jordan Boyd-Graber and Chong Wang and Sean Gerrish and David M. Blei}, Url = {docs/nips2009-rtl.pdf},
Booktitle = {Neural Information Processing Systems},
Location = {Vancouver, BC},
Year = {2009},
Title = {Reading Tea Leaves: How Humans Interpret Topic Models},
}

@inproceedings{AlSumait:conf/icdm/AlSumaitBD08,
  added-at = {2010-05-04T08:55:46.000+0200},
  author = {AlSumait, Loulwah and Barbará, Daniel and Domeniconi, Carlotta},
  biburl = {http://puma.uni-kassel.de/bibtex/2980e5cf0b3db547cf47c2c203734ac83/folke},
  booktitle = {ICDM},
  crossref = {conf/icdm/2008},
  date = {2009-02-20},
  ee = {http://dx.doi.org/10.1109/ICDM.2008.140},
  interhash = {e46dde3d53c823afeeb7604f1991b661},
  intrahash = {980e5cf0b3db547cf47c2c203734ac83},
  keywords = {generative lda models online topic tracking},
  pages = {3-12},
  publisher = {IEEE Computer Society},
  timestamp = {2010-05-04T08:55:48.000+0200},
  title = {On-line LDA: Adaptive Topic Models for Mining Text Streams with Applications to Topic Detection and Tracking.},
  url = {http://dblp.uni-trier.de/db/conf/icdm/icdm2008.html#AlSumaitBD08},
  year = 2008
}

@article{DBLP:journals/corr/RosnerHRNB14,
  author    = {Frank Rosner and
               Alexander Hinneburg and
               Michael R{\"{o}}der and
               Martin Nettling and
               Andreas Both},
  title     = {Evaluating topic coherence measures},
  journal   = {CoRR},
  volume    = {abs/1403.6397},
  year      = {2014},
  url       = {http://arxiv.org/abs/1403.6397},
  timestamp = {Tue, 01 Apr 2014 11:56:46 +0200},
  biburl    = {http://dblp.uni-trier.de/rec/bib/journals/corr/RosnerHRNB14},
  bibsource = {dblp computer science bibliography, http://dblp.org}
}
@inproceedings{Wang:2006:TOT:1150402.1150450,
 author = {Wang, Xuerui and McCallum, Andrew},
 title = {Topics over Time: A non-Markov Continuous-time Model of Topical Trends},
 booktitle = {Proceedings of the 12th ACM SIGKDD International Conference on Knowledge Discovery and Data Mining},
 series = {KDD '06},
 year = {2006},
 isbn = {1-59593-339-5},
 location = {Philadelphia, PA, USA},
 pages = {424--433},
 numpages = {10},
 url = {http://doi.acm.org/10.1145/1150402.1150450},
 doi = {10.1145/1150402.1150450},
 acmid = {1150450},
 publisher = {ACM},
 address = {New York, NY, USA},
 keywords = {graphical models, temporal analysis, topic modeling},
} }

@inproceedings{icml2010_GerrishB10, 
    Publisher = {Omnipress}, 
    Title = {A Language-based Approach to Measuring Scholarly Impact}, 
    Url = {http://www.icml2010.org/papers/384.pdf}, 
    Booktitle = {Proceedings of the 27th International Conference on Machine Learning (ICML-10)}, 
    Author = {Sean Gerrish and David M. Blei}, 
    Editor = {Johannes Fürnkranz and Thorsten Joachims}, 
    Year = {2010}, 
    Pages = {375-382} 
   }

@inproceedings{Hall:2008:SHI:1613715.1613763,
 author = {Hall, David and Jurafsky, Daniel and Manning, Christopher D.},
 title = {Studying the History of Ideas Using Topic Models},
 booktitle = {Proceedings of the Conference on Empirical Methods in Natural Language Processing},
 series = {EMNLP '08},
 year = {2008},
 location = {Honolulu, Hawaii},
 pages = {363--371},
 numpages = {9},
 url = {http://dl.acm.org/citation.cfm?id=1613715.1613763},
 acmid = {1613763},
 publisher = {Association for Computational Linguistics},
 address = {Stroudsburg, PA, USA},
} }

@Inbook{Aggarwal2012,
author="Aggarwal, Charu C.
and Zhai, ChengXiang",
editor="Aggarwal, C. Charu
and Zhai, ChengXiang",
title="A Survey of Text Clustering Algorithms",
bookTitle="Mining Text Data",
year="2012",
publisher="Springer US",
address="Boston, MA",
pages="77--128",
isbn="978-1-4614-3223-4",
doi="10.1007/978-1-4614-3223-4_4",
url="http://dx.doi.org/10.1007/978-1-4614-3223-4_4"
}


